<?xml version="1.0" encoding="UTF-8"?><collection><record><leader>07334ntm a2200673 a 4500</leader><controlfield tag="001">006813254</controlfield><controlfield tag="003">MiAaHDL</controlfield><controlfield tag="005">20190719000000.0</controlfield><controlfield tag="006">m        d        </controlfield><controlfield tag="007">cr bn ---auaua</controlfield><controlfield tag="008">090604m17171174xx            00| ||ara d</controlfield><datafield tag="035" ind1=" " ind2=" "><subfield code="a">(MiU)006813254</subfield></datafield><datafield tag="035" ind1=" " ind2=" "><subfield code="a">sdr-miu006813254</subfield></datafield><datafield tag="040" ind1=" " ind2=" "><subfield code="a">MiU</subfield><subfield code="c">MiU</subfield><subfield code="e">amremm</subfield></datafield><datafield tag="043" ind1=" " ind2=" "><subfield code="a">n-us-mi</subfield></datafield><datafield tag="100" ind1="1" ind2=" "><subfield code="6">880-01</subfield><subfield code="a">Azharī, Khālid ibn ʻAbd Allāh,</subfield><subfield code="d">-1499.</subfield></datafield><datafield tag="245" ind1="1" ind2="0"><subfield code="6">880-03</subfield><subfield code="a">[Muwaṣṣil al-ṭullāb ilá qawāʼid al-iʻrāb maʻa Sharḥ Umm al-barāhīn,</subfield><subfield code="f">1130, i.e. 1717 or 1718 and 1188, i.e. 1774].</subfield></datafield><datafield tag="246" ind1="3" ind2=" "><subfield code="i">Title from inscription on front flyleaf (p.1):</subfield><subfield code="a">موصل الطلاب لقواعد الاعراب للازهري ويليه عقيدة اهل التوحيد الصغرى المسماة بام البراهين للسنوسي</subfield></datafield><datafield tag="260" ind1=" " ind2=" "><subfield code="c">[1717-8 and 1774].</subfield></datafield><datafield tag="300" ind1=" " ind2=" "><subfield code="a">92 leaves :</subfield><subfield code="b">paper ;</subfield><subfield code="c">208 x 170 (150-155 x 90-100) mm.</subfield></datafield><datafield tag="500" ind1=" " ind2=" "><subfield code="a">Shelfmark: Ann Arbor, University of Michigan, Special Collections Library, Isl. Ms. 661</subfield></datafield><datafield tag="500" ind1=" " ind2=" "><subfield code="a">Origin: As appears in colophon on p.76, opening work copied by Aḥmad al-Hānī al-Hilālī with transcription completed 1130 [1717 or 18]. As appears in colophon on p.188, transcription of second work completed around the time of the mawlid (birthday of the Prophet) 1188 [1774].</subfield></datafield><datafield tag="500" ind1=" " ind2=" "><subfield code="a">Accompanying materials: Acquisitions slip from Yahuda.</subfield></datafield><datafield tag="500" ind1=" " ind2=" "><subfield code="a">Former shelfmark: From inner front cover and spine label, "IL 378" (likely supplied by Yahuda, see acquisitions slip).</subfield></datafield><datafield tag="500" ind1=" " ind2=" "><subfield code="a">Binding: Pasteboards covered in block-printed paper (rows of interlaced curves in red, studded with aquamarine accents in dots and strokes, all on a bright orange ground) with brown leather over spine, fore edge flap, and edges/turn-ins (framed binding) ; Type II binding (with flap) ; board linings in untinted paper ; tooled accents on fore edge flap ; sewn in cream thread, two stations ; worked chevron endbands in mauve and cream, good condition ; text block trimmed around marginalia ; overall in fair condition with some abrasion, staining, cover detaching at spine, etc.</subfield></datafield><datafield tag="500" ind1=" " ind2=" "><subfield code="a">Support: European laid paper ; mainly with 9 laid lines per cm. (vertical), chain lines spaced 25 mm. apart (horizontal), and three crescents watermark (88 mm. long, perpendicular to chains, see p.14, 26, 34, 35, etc.), sturdy and well-burnished ; another type with 6-7 laid lines per cm. (vertical), chain lines spaced 31 mm. apart (horizontal), and three crescents watermark (82 mm. long, perpendicular to chains, see p.108, etc.), sturdy and somewhat thick, burnished.</subfield></datafield><datafield tag="500" ind1=" " ind2=" "><subfield code="a">Decoration: Keywords and section headings rubricated ; written area of incipit and facing page of opening work surrounded by red rule-border.</subfield></datafield><datafield tag="500" ind1=" " ind2=" "><subfield code="a">Script: Maghribī ; two main hands ; hand supplying opening work quite neat and uniform, exhibiting little deviation from the vertical and adhering closely to the baseline, with characteristic sweeping descenders, etc. ; hand supplying second work less uniform, occasional tilt to the right or left, etc. ; opening leaf of second work seemingly supplied in a different hand.</subfield></datafield><datafield tag="500" ind1=" " ind2=" "><subfield code="a">Layout: Written in 23 and 24 lines per page ; frame-ruled.</subfield></datafield><datafield tag="500" ind1=" " ind2=" "><subfield code="a">Collation: ii, 3 V(30), II (34), I (36), V-1+1 (46), V (56), IV (64), V (74), IV (82), V (92) ; chiefly quinions ; catchwords present ; pagination in pencil, Western numerals, supplied during digitization (includes flyleaves).</subfield></datafield><datafield tag="500" ind1=" " ind2=" "><subfield code="a">Colophon: [Muwaṣṣil al-ṭullāb] "Scribal," triangular, reads "كمل بحمد الله وحسن عونه على يد كاتبه الفقير الى ربه الراجي عفو مولاه الشريف احمد الهاني الهلالي وكان الفراغ منه يوم الخميس في ثلالثة [ايام؟] بقين من [...؟] عام ثلاثين ومائة والف تم الكتاب وانقضى وفعلنا الذي وجب رحم الله من قرأ ومن دعا للذي كتب" ; [Sharḥ Umm al-barāhīn] "Scribal," triangular, reads "وكان الفراغ منه يوم الثلاثة انتهى بمولده صلى الله عليه وسلم عام ثمانية وثمانين ومائة والف ..."</subfield></datafield><datafield tag="500" ind1=" " ind2=" "><subfield code="a">Incipit: [Muwaṣṣil al-ṭullāb] "الحمد لله الملهم بحمده ... وبعد فيقول العبد الفقير الى مولاه الغني خالد بن عبد الله الازهري هذا شرح لطيف على قواعد الاعراب ..." ; [Sharḥ Umm al-barāhīn] "الحمد لله الواسع الجود والعطاء الذي شهد بوجوب وجوده ... وبعد فاهم ما يشتغل به العاقل اللبيب في هذا الزمان الصعب ان يسعى فيما ينقذ به مهجته من الخلود ... سميته موصل الطلاب الى قواعد الاعراب ..."</subfield></datafield><datafield tag="500" ind1=" " ind2=" "><subfield code="a">Title supplied by cataloguer.</subfield></datafield><datafield tag="500" ind1=" " ind2=" "><subfield code="a">Ms. composite codex.</subfield></datafield><datafield tag="505" ind1="0" ind2=" "><subfield code="a">3. p.78-p.188: ʻAqīdat ahl al-tawhīd al-ṣughrá al-musammá bi-Umm al-barāhīn / Abū ʻAbd Allāh Muḥammad ibn Yusūf al-Sanūsī.</subfield></datafield><datafield tag="505" ind1="0" ind2=" "><subfield code="a">2. p.77 : [blank].</subfield></datafield><datafield tag="505" ind1="0" ind2=" "><subfield code="a">1. p.6-p.76 : Muwaṣṣil al-ṭullāb ilá qawāʼid al-iʻrāb / Khālid ibn ʻAbd Allāh al-Azharī.</subfield></datafield><datafield tag="510" ind1="4" ind2=" "><subfield code="a">Brockelmann, C. GAL,</subfield><subfield code="c">II 250-51 (II. / cmtre. 1)</subfield></datafield><datafield tag="510" ind1="4" ind2=" "><subfield code="a">Brockelmann, C. GAL,</subfield><subfield code="c">II 24 ; 27</subfield></datafield><datafield tag="520" ind1="8" ind2=" "><subfield code="a">Fine Maghribī copy of the commentary by Zayn al-Dīn Khālid ibn ʻAbdallāh al-Azharī (d.1499) upon Ibn Hishām's popular grammatical textbook, Qawāʻid al-iʻrāb, followed by a commentary by Abū ʻAbd Allāh Muḥammad ibn Yūsuf al-Sanūsī (d.1490) upon his own ʻAqīdat ahl al-tawhīd al-ṣughrá, or Umm al-barāhīn, on the essentials of faith.</subfield></datafield><datafield tag="538" ind1=" " ind2=" "><subfield code="a">Mode of access: Internet.</subfield></datafield><datafield tag="541" ind1=" " ind2=" "><subfield code="a">Acquired in 1926 from the bookseller Isaac Benjamin S.E. Yahuda via purchase transacted on his behalf by his younger brother, the famous Orientalist and manuscript collector Abraham Shalom Yahuda (1877-1951).</subfield></datafield><datafield tag="546" ind1=" " ind2=" "><subfield code="a">Arabic.</subfield></datafield><datafield tag="561" ind1=" " ind2=" "><subfield code="a">Occasional marginal corrections and glosses.</subfield></datafield><datafield tag="600" ind1="1" ind2="0"><subfield code="a">Sanūsī, Muḥammad ibn Yūsuf,</subfield><subfield code="d">ca. 1427-ca. 1490.</subfield><subfield code="t">Umm al-barāhīn.</subfield></datafield><datafield tag="600" ind1="1" ind2="0"><subfield code="a">Ibn Hishām, ʻAbd Allāh ibn Yūsuf,</subfield><subfield code="d">1309-1360.</subfield><subfield code="t">Iʻrāb ʻan qawāʻid al-iʻrāb.</subfield></datafield><datafield tag="650" ind1=" " ind2="0"><subfield code="a">Manuscripts, Arabic</subfield><subfield code="z">Michigan</subfield><subfield code="z">Ann Arbor.</subfield></datafield><datafield tag="650" ind1=" " ind2="0"><subfield code="a">Islam</subfield><subfield code="x">Doctrines</subfield><subfield code="v">Early works to 1800.</subfield></datafield><datafield tag="650" ind1=" " ind2="0"><subfield code="a">Arabic language</subfield><subfield code="x">Inflection</subfield><subfield code="v">Early works to 1800.</subfield></datafield><datafield tag="650" ind1=" " ind2="0"><subfield code="a">Arabic language</subfield><subfield code="x">Declension</subfield><subfield code="v">Early works to 1800.</subfield></datafield><datafield tag="650" ind1=" " ind2="0"><subfield code="a">Arabic language</subfield><subfield code="x">Grammar</subfield><subfield code="v">Early works to 1800.</subfield></datafield><datafield tag="700" ind1="0" ind2=" "><subfield code="6">880-07</subfield><subfield code="a">Aḥmad al-Hānī al-Hilālī,</subfield><subfield code="d">fl. 1717,</subfield><subfield code="e">scribe.</subfield></datafield><datafield tag="700" ind1="1" ind2="2"><subfield code="6">880-04</subfield><subfield code="a">Sanūsī, Muḥammad ibn Yūsuf,</subfield><subfield code="d">approximately 1427-approximately 1490.</subfield><subfield code="t">Sharḥ Umm al-barāhīn.</subfield></datafield><datafield tag="740" ind1="0" ind2="2"><subfield code="a">شرح الشيخ</subfield></datafield><datafield tag="773" ind1="0" ind2=" "><subfield code="a">Yahuda Collection.</subfield></datafield><datafield tag="880" ind1="0" ind2=" "><subfield code="6">700-07/</subfield><subfield code="a">احمد الهاني الهلالي,</subfield><subfield code="e">ناسخ.</subfield></datafield><datafield tag="880" ind1="1" ind2="2"><subfield code="6">700-04/</subfield><subfield code="a">سنوسي, محمد بن يوسف.</subfield><subfield code="t">شرح ام البراهين.</subfield></datafield><datafield tag="880" ind1="1" ind2="0"><subfield code="6">245-03/</subfield><subfield code="a">[موصل الطلاب الى قواعد الاعراب مع شرح ام البراهين,</subfield><subfield code="f">1130ه، 1717 او 1718م و 1188ه, 1774م].</subfield></datafield><datafield tag="880" ind1="1" ind2=" "><subfield code="6">100-01/</subfield><subfield code="a">ازهري, خالد بن عبد الله.</subfield></datafield><datafield tag="CID" ind1=" " ind2=" "><subfield code="a">006813254</subfield></datafield><datafield tag="DAT" ind1="0" ind2=" "><subfield code="a">20190719102638.0</subfield><subfield code="b">20190719000000.0</subfield></datafield><datafield tag="DAT" ind1="1" ind2=" "><subfield code="a">20190719090653.0</subfield><subfield code="b">2019-07-19T16:11:47Z</subfield></datafield><datafield tag="DAT" ind1="2" ind2=" "><subfield code="a">2015-10-02T18:00:03Z</subfield></datafield><datafield tag="CAT" ind1=" " ind2=" "><subfield code="a">SDR-MIU</subfield><subfield code="d">EX LIBRIS - ALEPH</subfield><subfield code="l">prepare.pl-004-008</subfield></datafield><datafield tag="FMT" ind1=" " ind2=" "><subfield code="a">BK</subfield></datafield><datafield tag="HOL" ind1=" " ind2=" "><subfield code="0">sdr-miu006813254</subfield><subfield code="a">MiU</subfield><subfield code="b">SDR</subfield><subfield code="c">MIU</subfield><subfield code="p">mdp.39015079128255</subfield><subfield code="s">MIU</subfield><subfield code="1">006813254</subfield></datafield><datafield tag="974" ind1=" " ind2=" "><subfield code="b">MIU</subfield><subfield code="c">MIU</subfield><subfield code="d">20190719</subfield><subfield code="s">lit-dlps-dc</subfield><subfield code="u">mdp.39015079128255</subfield><subfield code="y">1174</subfield><subfield code="r">pd</subfield><subfield code="q">bib</subfield><subfield code="t">non-US bib date2, date type m &lt; 1879</subfield></datafield></record></collection>